<?xml version="1.0" encoding="UTF-8" ?>
<collection xmlns:xsi="http://www.w3.org/2001/XMLSchema-instance"
    xsi:schemaLocation="http://www.loc.gov/MARC21/slim
        http://www.loc.gov/standards/marcxml/schema/MARC21slim.xsd"
    xmlns="http://www.loc.gov/MARC21/slim">
<record>
  <leader>00262cam a2200505 i 4500</leader>
  <controlfield tag="001">b12664388</controlfield>
  <controlfield tag="003">LeBAU</controlfield>
  <controlfield tag="005">20170113</controlfield>
  <controlfield tag="008">970918s1910    sy            ||0 0 ara d</controlfield>
  <datafield tag="035" ind1=" " ind2=" ">
    <subfield code="a">ocn784453539</subfield>
  </datafield>
  <datafield tag="040" ind1=" " ind2=" ">
    <subfield code="a">LEAUB</subfield>
    <subfield code="b">ara</subfield>
    <subfield code="e">rda</subfield>
    <subfield code="c">LEAUB</subfield>
    <subfield code="d">LEAUB</subfield>
  </datafield>
  <datafield tag="082" ind1="0" ind2="4">
    <subfield code="a">923.162</subfield>
    <subfield code="2">20</subfield>
  </datafield>
  <datafield tag="100" ind1="1" ind2=" ">
    <subfield code="6">880-01</subfield>
    <subfield code="a">Abkāriyūs, Iskandar ibn Yaʻqūb,</subfield>
    <subfield code="d">-1885,</subfield>
    <subfield code="e">author.</subfield>
  </datafield>
  <datafield tag="245" ind1="1" ind2="0">
    <subfield code="6">880-02</subfield>
    <subfield code="a">al-Manāqib al-Ibrāhīmīyah wa-al-maʼāthir al-khidīwīyah /</subfield>
    <subfield code="c">taʼlīf ‘Izzatlū Iskandar Abkāriyūs bi-muʻāwanat janāb al-humām al-mājid man ittaṣafa bi-al-makārim wa-al-maḥāmid ‘Izzatlū Muḥammad Afandī Mikkāwī al-muḥtaram. Wa-fī ākhirihi Lawʻat al-shākī wa-damʻat al-bākī / lil-‘allāmah al-humām al-mu’allif al-Shaykh Ṣalāḥ al-Dīn Khalīl ibn Aybak al-Ṣafadī.</subfield>
  </datafield>
  <datafield tag="264" ind1=" " ind2="1">
    <subfield code="6">880-03</subfield>
    <subfield code="a">[Ḥimṣ] :</subfield>
    <subfield code="b">Maṭbaʻat Ḥimṣ,</subfield>
    <subfield code="c">1910.</subfield>
  </datafield>
  <datafield tag="300" ind1=" " ind2=" ">
    <subfield code="6">880-04</subfield>
    <subfield code="a">157 pages ;</subfield>
    <subfield code="c">22 cm</subfield>
  </datafield>
  <datafield tag="336" ind1=" " ind2=" ">
    <subfield code="a">text</subfield>
    <subfield code="b">txt</subfield>
    <subfield code="2">rdacontent</subfield>
  </datafield>
  <datafield tag="337" ind1=" " ind2=" ">
    <subfield code="a">unmediated</subfield>
    <subfield code="b">n</subfield>
    <subfield code="2">rdamedia</subfield>
  </datafield>
  <datafield tag="338" ind1=" " ind2=" ">
    <subfield code="a">volume</subfield>
    <subfield code="b">nc</subfield>
    <subfield code="2">rdacarrier</subfield>
  </datafield>
  <datafield tag="590" ind1=" " ind2=" ">
    <subfield code="6">880-05</subfield>
    <subfield code="a">The book Lawʻat al-shākī wa-damʻat al-bākī is missing from this copy.</subfield>
  </datafield>
  <datafield tag="600" ind1="0" ind2="4">
    <subfield code="a">إبراهيم</subfield>
    <subfield code="c">باشا،</subfield>
    <subfield code="d">1790-1848.</subfield>
  </datafield>
  <datafield tag="600" ind1="0" ind2="0">
    <subfield code="a">Ibrahim</subfield>
    <subfield code="c">Pasha,</subfield>
    <subfield code="d">1789-1848.</subfield>
  </datafield>
  <datafield tag="650" ind1=" " ind2="4">
    <subfield code="a">الشعر العربي</subfield>
    <subfield code="x">تاريخ ونقد</subfield>
    <subfield code="v">اعمال قديمة حتى 1800.</subfield>
  </datafield>
  <datafield tag="650" ind1=" " ind2="0">
    <subfield code="a">Arabic poetry</subfield>
    <subfield code="x">History and criticism</subfield>
    <subfield code="v">Early works to 1800.</subfield>
  </datafield>
  <datafield tag="651" ind1=" " ind2="4">
    <subfield code="a">مصر</subfield>
    <subfield code="x">تاريخ</subfield>
    <subfield code="y">محمد علي، 1805-1849.</subfield>
  </datafield>
  <datafield tag="651" ind1=" " ind2="4">
    <subfield code="a">مصر</subfield>
    <subfield code="x">الملوك والحكام.</subfield>
  </datafield>
  <datafield tag="651" ind1=" " ind2="0">
    <subfield code="a">Egypt</subfield>
    <subfield code="x">History</subfield>
    <subfield code="y">Mohammed Ali, 1805-1849.</subfield>
  </datafield>
  <datafield tag="651" ind1=" " ind2="0">
    <subfield code="a">Egypt</subfield>
    <subfield code="x">Kings and rulers.</subfield>
  </datafield>
  <datafield tag="700" ind1="1" ind2=" ">
    <subfield code="6">880-06</subfield>
    <subfield code="a">Makkāwī, Muḥammad,</subfield>
    <subfield code="e">author.</subfield>
  </datafield>
  <datafield tag="700" ind1="1" ind2="2">
    <subfield code="6">880-07</subfield>
    <subfield code="a">Ṣafadī, Khalīl ibn Aybak,</subfield>
    <subfield code="d">approximately 1297-1363.</subfield>
    <subfield code="t">Lawʻat al-shākī wa-damʻat al-bākī.</subfield>
  </datafield>
  <datafield tag="787" ind1="0" ind2=" ">
    <subfield code="6">880-08</subfield>
    <subfield code="a">Lawʻat al-shākī wa-damʻat al-bākī</subfield>
    <subfield code="d">Dimashq, Sūrīyah : Dār al-Bashā’ir, 2005</subfield>
    <subfield code="w">(OCoLC)784587808</subfield>
    <subfield code="w">(OCoLC)784587808</subfield>
  </datafield>
  <datafield tag="852" ind1=" " ind2=" ">
    <subfield code="a">Jafet Library</subfield>
    <subfield code="e">American University of Beirut, Bliss Street , Beirut, Lebanon.</subfield>
  </datafield>
  <datafield tag="880" ind1="1" ind2=" ">
    <subfield code="6">100-01/(3/r</subfield>
    <subfield code="a">ابكاريوس، اسكندر ابن يعقوب،</subfield>
    <subfield code="d">-1885،</subfield>
    <subfield code="e">مؤلف. </subfield>
    <subfield code="4">aut.</subfield>
  </datafield>
  <datafield tag="880" ind1="1" ind2="3">
    <subfield code="6">245-02/(3/r</subfield>
    <subfield code="a">المناقب الإبراهيمية و المآثر الخديوية /</subfield>
    <subfield code="c">تأليف عزتلو إسكندر أبكاريوس بمعاونة جناب الهمام الماجد من إتصف بالمكارم والمحامد عزتلو محمد أفندي مكاوي المحترم. وفي آخره لوعة الشاكي ودمعة الباكي / للعلامة الهمام المؤلف الشيخ صلاح الدين خليل ابن ايبك الصفدي.</subfield>
  </datafield>
  <datafield tag="880" ind1=" " ind2="1">
    <subfield code="6">264-03/(3/r</subfield>
    <subfield code="a">[حمص] :</subfield>
    <subfield code="b">مطبعة حمص،</subfield>
    <subfield code="c">1910.</subfield>
  </datafield>
  <datafield tag="880" ind1=" " ind2=" ">
    <subfield code="6">300-04/(3/r</subfield>
    <subfield code="a">175 صفحة ؛</subfield>
    <subfield code="c">22 سم</subfield>
  </datafield>
  <datafield tag="880" ind1=" " ind2=" ">
    <subfield code="6">590-05/(3/r</subfield>
    <subfield code="a">كتاب لوعة الشاكي ودمعة الباكي غير متوفر في داخل الكتاب.</subfield>
  </datafield>
  <datafield tag="880" ind1="1" ind2=" ">
    <subfield code="6">700-06/(3/r</subfield>
    <subfield code="a">مكاوي، محمد،</subfield>
    <subfield code="e">مؤلف. </subfield>
    <subfield code="4">aut.</subfield>
  </datafield>
  <datafield tag="880" ind1="1" ind2="2">
    <subfield code="6">700-07/(3/r</subfield>
    <subfield code="a">الصفدي، خليل بن ايبك،</subfield>
    <subfield code="d">حوالي 1297-1363.</subfield>
    <subfield code="t">لوعة الشاكي ودمعة الباكي.</subfield>
  </datafield>
  <datafield tag="880" ind1="0" ind2=" ">
    <subfield code="6">787-08/(3/r</subfield>
    <subfield code="a">لوعة الشاكي ودمعة الباكي</subfield>
    <subfield code="d">دمشق، سورية : دار البشائر، 2005</subfield>
    <subfield code="w">b14531082</subfield>
    <subfield code="w">(OCoLC)784587808</subfield>
  </datafield>
  <datafield tag="907" ind1=" " ind2=" ">
    <subfield code="a">.b12664388</subfield>
    <subfield code="b">17-01-26</subfield>
    <subfield code="c">11-05-24</subfield>
  </datafield>
  <datafield tag="907" ind1=" " ind2=" ">
    <subfield code="a">.b12664388</subfield>
    <subfield code="b">15-10-15</subfield>
    <subfield code="c">11-05-24</subfield>
  </datafield>
  <datafield tag="945" ind1=" " ind2=" ">
    <subfield code="f">J</subfield>
    <subfield code="a">923.162:I151mA</subfield>
    <subfield code="i">00512527</subfield>
    <subfield code="j">.i13198397</subfield>
    <subfield code="l">u0503</subfield>
  </datafield>
  <datafield tag="998" ind1=" " ind2=" ">
    <subfield code="a">u05</subfield>
    <subfield code="b">97-09-18</subfield>
    <subfield code="c">m</subfield>
    <subfield code="d">a</subfield>
    <subfield code="e">-</subfield>
    <subfield code="f">ara</subfield>
    <subfield code="g">sy </subfield>
    <subfield code="h">0</subfield>
    <subfield code="i">1</subfield>
  </datafield>
</record>
</collection>
